    @BOOK{Pravidla,
      author =       "Zdeněk Hlavsa and others",
      title =        "Pravidla českého pravopisu",
      publisher =    "Academia",
      edition =      "2",
      year =         "2009",
      isbn =         "80-200-1327-X",
    }
    
    @BOOK{Knuth,
      author =       "Donald E. Knuth",
      title =        "The {\TeX}book",
      publisher =    "Addison-Wesley Publishing Company",
      year =         "1996",
      isbn =         "0-201-13447-0",
    }
    
    @BOOK{Rybicka,
      author =       "Jiří Rybička",
      title =        "\LaTeX~pro začátečníky",
      publisher =    "Konvoj",
      edition =      "3",
      year =         "2003",
      isbn =         "80-7302-049-1",
    }

    @BOOK{Olsak,
      author =       "Petr Olšák",
      title =        "{\TeX}book naruby",
      publisher =    "Konvoj",
      year =         "2001",
      isbn =         "80-7302-0007-6",
    }

    @BOOK{Eikh,
      author =       "Victor Eikhout",
      title =        "{\TeX}by Topics, a {\TeX}nitian's Reference",
      publisher =    "Addison-Wesley UK",
      year =         "2001",
      isbn =         "0-201-56882-9",
    }

    @website{cstugWeb,
      author =       "Petr Sojka and others",
      title =        "Československé sdružení uživatelů {\TeX}u",
      howpublished = "online",
      url =          "http://www.cstug.cz",
      cited =        "2019-10-02"
    }

    @webpage{fitWeb,
      author =       "Zdena Rábová and Petr Hanáček and Petr Peringer and Petr Přikryl and Bohuslav Křena",
      title =        "Užitečné rady pro psaní práce",
      howpublished = "online",
      publisher =    "FIT VUT v~Brně",
      year =         "2008",
      month =        11,
      url =          "https://www.fit.vut.cz/study/theses/theses-advice/",
      cited =        "2019-10-02"
    }

    @webpage{citace,
      author =       "Zdena Rábová and Petr Hanáček and Petr Peringer and Petr Přikryl and Bohuslav Křena",
      title =        "Pravidla pro bibliografické citace",
      howpublished = "online",
      publisher =    "FIT VUT v Brně",
      year =         "2019",
      month =        3,
      url =          "https://www.fit.vut.cz/study/theses/citations/",
      cited =        "2019-10-02"
    }
   
    @MISC{biblio,
      author =       "Olga Biernátová and Jan Skůpa",
      title =        "Bibliografické odkazy a citace dokumentů",
      howpublished = "online",
      url =          "http://www.citace.com/download/CSN-ISO-690.pdf",
      publisher =    "Citace.com",
      month =        9,
      address =      "Brno",
      year =         "2011",
      cited =        "2019-10-02"
    }
   
    @webpage{formalniBP,
      author =       "Zdena Rábová and Petr Přikryl and Petr Peringer and Petr Lampa and Bohuslav Křena and jaroslav Dytrych and Petr Veigend",
      title =        "Pokyny k~bakalářským pracím a SZZ",
      howpublished = "online",
      year =         "2019",
      url =          "https://www.fit.vut.cz/study/theses/bachelor-theses/",
      cited =        "2019-10-02"
    }
   
    @webpage{formalniDP,
      author =       "Zdena Rábová and Petr Přikryl and Petr Peringer and Petr Lampa and Bohuslav Křena and jaroslav Dytrych and Petr Veigend",
      title =        "Pokyny k~diplomovým pracím a SZZ",
      howpublished = "online",
      year =         "2019",
      url =          "https://www.fit.vut.cz/study/theses/master-theses/",
      cited =        "2019-10-02"
    }
   
    @MISC{smernice,
      key =          "Szz",
      author =       "Petr Štěpánek",
      title =        "Směrnice rektora č. 72/2017 -- Úprava, odevzdávání a zveřejňování závěrečných prací",
      howpublished = "online",
      year =         "2017",
      url =          "https://www.vutbr.cz/uredni-deska/vnitrni-predpisy-a-dokumenty/smernice-c-72-2017-uprava-odevzdavani-a-zverejnovani-zaverecnych-praci-d161410",
      cited =        "2019-10-02"
    }
   
   @MISC{smerniceFIT,
      author =       "Pavel Zemčík",
      title =        "Směrnice děkana č. 7/2018 -- Úprava, odevzdávání a zveřejňování závěrečných prací na FIT VUT v Brně",
      howpublished = "online",
      year =         "2018",
      url =          "https://www.fit.vut.cz/fit/info/smernice/sm2018-07.pdf",
      cited =        "2019-10-02"
    }
   
    @website{prirucka,
      key =          "Cerna",
      author =       "Anna Černá and Jan Chromý and Hana Konečná and others",
      title =        "Internetová jazyková příručka -- Ústav pro jazyk český Akademie věd ČR, v. v. i.",
      howpublished = "online",
      publisher =    "Centrum zpracování přirozeného jazyka FI MU",
      year =         "2019",
      url =          "http://prirucka.ujc.cas.cz/",
      cited =        "2019-10-02"
    }
   
    @website{Herout,
      author =       "Adam Herout",
      title =        {herout.net -- Poznámky učitele, kouče, čtenáře.},
      howpublished = "online",
      year =         "2018",
      url =          "http://www.herout.net/",
      cited =        "2019-10-02"
    }
   
    @webpage{chyby,
      key =          "Szoke",
      author =       "Igor Szöke",
      title =        "Textová část BP/DP -- Lessons learned",
      howpublished = "online",
      year =         "2012",
      url =          "http://blog.igor.szoke.cz/2012/01/textova-cast-bpdp-lessons-learned-1.html",
      cited =        "2019-10-02"
    }
   
    @webpage{rady,
      key =          "Szoke",
      author =       "Igor Szöke",
      title =        "Píšete diplomku? 15+1 rad, které vám pomohou.",
      howpublished = "online",
      year =         "2011",
      url =          "http://blog.igor.szoke.cz/2011/12/pisete-diplomku-151-rad-ktere-vam.html",
      cited =        "2019-10-02"
    }
   
    @webpage{Beran,
      author =       "Vítězslav Beran",
      title =        "Beran-BP DP Projekty",
      howpublished = "online",
      year =         "2017",
      url =          "http://merlin.fit.vutbr.cz/wiki/index.php/Beran-BP_DP_Projekty",
      cited =        "2019-10-02"
    }

    @MISC{BeranPDF,
      author =       "Vítězslav Beran",
      title =        "Jak psát technickou zprávu",
      howpublished = "online",
      year =         "2013",
      url =          "http://www.fit.vutbr.cz/~beranv/podpora/Jak\%20psat\%20technickou\%20zpravu.pdf",
      cited =        "2019-10-00"
    }
   
    @webpage{Cernocky,
      key =          "Cernocky",
      author =       "Jan Černocký",
      title =        "Černocký BP DP -- obecně",
      howpublished = "online",
      year =         "2016",
      url =          "https://merlin.fit.vutbr.cz/wiki/index.php/Cernocky_BP_DP-obecne",
      publisher = "Wiki FIT VUT v Brně",
      cited =        "2019-10-02"
    }
   
    @webpage{CernockyEnglish,
      key =          "Cernocky",
      author =       "Jan Černocký",
      title =        "English SOS",
      howpublished = "online",
      year =         "2016",
      url =          "https://merlin.fit.vutbr.cz/wiki/index.php/English_SOS",
      cited =        "2019-10-02"
    }
   
    @MISC{Zemcik,
      author =       "Pavel Zemčík",
      title =        "Všeobecné pokyny pro studenty a vůbec",
      howpublished = "online",
      year =         "2012",
      url =          "http://www.fit.vutbr.cz/~zemcik/Pokyny.pdf",
      cited =        "2019-10-02"
    }
   
    @BOOK{Lebrun2011,
      author =       "Jean-Luc Lebrun",
      title =        "Scientific Writing 2.0: a reader and writer's guide",
      publisher =    "World Scientific Publishing",
      year =         "2011",
      edition =      "1",
      isbn =         "9814350605",
      owner =        "herout",
      timestamp =    "2015.01.20"
    }
  
    @MASTERSTHESIS{Pysny,
      author = {Radek Py{\v{s}}n{\'{y}}},
      type = {Bakal{\'{a}}{\v{r}}sk{\'{a}} pr{\'{a}}ce},
      title = {BiBTeX styl pro {\v{C}}SN ISO 690 a {\v{C}}SN ISO	690-2},
      school = {Vysok{\'{e}} u{\v{c}}en{\'{i}} technick{\'{e}} v Brn{\v{e}}, Fakulta informa{\v{c}}n{\'{i}}ch technologi{\'{i}}},
      year = {2009},
      location = {Brno, CZ},
      language = {czech},
      url = {https://www.fit.vut.cz/study/thesis/7848/}
    }


%===============================================================================
    @incollection{Goodfellow-et-al-2016,
        booktitle = {Deep Learning},
        author = {Goodfellow, Ian and Bengio, Yoshua and Courville, Aaron},
        title = {Multi-Layer Perceptrons},
        chapter = 6,
        publisher = {MIT Press},
        year = {2016},
        note = {http://www.deeplearningbook.org}
    }

    @book{aggarwal2018neural,
        author = {Aggarwal, Charu C.},
        url = {https://www.bibsonomy.org/bibtex/26681a2e990d3d35887d519e2ec3bd7a9/sdo},
        doi = {10.1007/978-3-319-94463-0},
        isbn = {978-3-319-94462-3},
        publisher = {Springer},
        subtitle = {A Textbook},
        title = {Neural Networks and Deep Learning},
        chapter = {3 & 8},
        year = 2018
    }

    @inproceedings{Haykin2004,
        title={Feedforward Neural Networks: An Introduction},
        author={Haykin, Simon S.},
        booktitle={Proceedings of the International Joint Conference on Neural Networks},
        year={2004},
        url={https://catalogimages.wiley.com/images/db/pdf/0471349119.01.pdf}
    }

    @inproceedings{shi2015convolutional,
        title={Convolutional LSTM network: A machine learning approach for precipitation nowcasting},
        author={Shi, Xingjian and Chen, Zhourong and Wang, Hao et al.},
        booktitle={Advances in neural information processing systems},
        pages={802--810},
        year={2015},
        url={https://proceedings.neurips.cc/paper/2015/file/07563a3fe3bbe7e3ba84431ad9d055af-Paper.pdf}
    }


    @misc{olah2015understanding,
          author = {Olah, Christopher},
          title = {Understanding LSTM Networks},
          year = {2015},
          howpublished = {\url{https://colah.github.io/posts/2015-08-Understanding-LSTMs/}},
          note = {Accessed: April 14, 2023}
    }

    @inproceedings{DBLP:conf,
      author       = {Kyunghyun Cho and
                      Bart van Merrienboer and
                      {\c{C}}aglar G{\"{u}}l{\c{c}}ehre et al.},
      editor       = {Alessandro Moschitti and
                      Bo Pang and
                      Walter Daelemans},
      title        = {Learning Phrase Representations using RNN Encoder-Decoder for Statistical Machine Translation},
      pages        = {1724--1734},
      publisher    = {ACL},
      year         = {2014},
      url          = {https://doi.org/10.3115/v1/d14-1179},
      doi          = {10.3115/v1/d14-1179},
    }

    @misc{CAA,
        author = {{Civil Aviation Authority}},
        title = {Guide to Aviation},
        howpublished = {\url{https://www.caa.co.uk/consumers/guide-to-aviation/}},
        year = {n.d.}
    }
    
    @manual{faa-atc,
        title = {Order JO 7110.65Y: Air Traffic Control},
        author = {{Federal Aviation Administration}},
        organization = {U.S. Department of Transportation},
        year = {2018},
        month = {February},
        url = {https://www.faa.gov/documentLibrary/media/Order/ATC.pdf},
        address = {Washington, D.C.},
        edition = {Change 2}
    }

    @book{ATM:2017,
        author = {Eurocontrol},
        title = {Air Traffic Management},
        year = {2017},
        url = {https://skybrary.aero/bookshelf/books/2497.pdf},
        publisher = {Eurocontrol}
    }

    @article{Adlin21,
        author={V, Adlin V.},
        year={2021},
        month={Jul},
        title={Voice Activity Detection Techniques – A Review},
        journal={i-Manager's Journal on Digital Signal Processing},
        volume={9},
        number={2},
        isbn={23217480},
        url={https://www.proquest.com/scholarly-journals/voice-activity-detection-techniques-review/docview/2644805165/se-2}
    }

    @article{tanyer2000voice,
        title={Voice activity detection in nonstationary noise},
        author={Tanyer, S. G. and Ozer, H.},
        journal={IEEE Transactions on Speech and Audio Processing},
        volume={8},
        number={4},
        year={2000},
        publisher={IEEE},
        doi={10.1109/89.848229}
    }

    @article{zeytinoglu2008voice,
        title={Voice activity detection using energy-based features},
        author={Zeytinoglu, M. and Erdogan, H. and Goksel, C.},
        journal={IEEE Signal Processing Letters},
        volume={15},
        number={4},
        pages={213--216},
        year={2008},
        publisher={IEEE}
    }

    @ARTICLE{6857341,
        author={Abdel-Hamid, Ossama and Mohamed, Abdel-rahman and Jiang, Hui et al.},
        journal={IEEE/ACM Transactions on Audio, Speech, and Language Processing}, 
        title={Convolutional Neural Networks for Speech Recognition}, 
        year={2014},
        volume={22},
        number={10},
        pages={1533-1545},
        doi={10.1109/TASLP.2014.2339736}
    } 

    @incollection{Ramirez07,
        author = {J. Ramirez and J. M. Gorriz and J. C. Segura},
        title = {Voice Activity Detection. Fundamentals and Speech Recognition System Robustness},
        booktitle = {Robust Speech},
        publisher = {IntechOpen},
        address = {Rijeka},
        year = {2007},
        editor = {Michael Grimm and Kristian Kroschel},
        chapter = {1},
        doi = {10.5772/4740},
        url = {https://doi.org/10.5772/4740}
    }

    @article{DBLP:journals/corr/SalamonB16,
        author       = {Justin Salamon and Juan Pablo Bello},
        title        = {Deep Convolutional Neural Networks and Data Augmentation for Environmental Sound Classification},
        journal      = {CoRR},
        volume       = {abs/1608.04363},
        year         = {2016},
        url          = {http://arxiv.org/abs/1608.04363},
        eprinttype    = {arXiv},
        eprint       = {1608.04363},
        timestamp    = {Mon, 13 Aug 2018 16:47:38 +0200},
        biburl       = {https://dblp.org/rec/journals/corr/SalamonB16.bib},
        bibsource    = {dblp computer science bibliography, https://dblp.org}
    }

    @misc{xu2022mixing,
        title={Mixing Signals: Data Augmentation Approach for Deep Learning Based Modulation Recognition}, 
        author={Xinjie Xu and Zhuangzhi Chen and Dongwei Xu et al.},
        year={2022},
        eprint={2204.03737},
        archivePrefix={arXiv},
        primaryClass={eess.SP}
    } 

    @inproceedings{Leitner2019AudioRU,
        title={Audio Recognition using Mel Spectrograms and Convolution Neural Networks},
        author={Boyang Zhang Jared Leitner and Samuel Thornton},
        year={2019}
    }

    @book{o1987speech,
        title={Speech Communication: Human and Machine},
        author={O'Shaughnessy, D.},
        isbn={9780201165203},
        lccn={86022175},
        series={Addison-Wesley series in electrical engineering},
        url={https://books.google.cz/books?id=mHFQAAAAMAAJ},
        year={1987},
        publisher={Addison-Wesley Publishing Company}
    }

    @techreport{heckbert1995fourier,
        author = {Heckbert, Paul},
        title = {Fourier Transforms and the Fast Fourier Transform (FFT) Algorithm},
        institution = {School of Computer Science, Carnegie Mellon University},
        address = {Pittsburgh, PA},
        year = {1995},
        month = {February},
        number = {Notes 3, Computer Graphics 2, 15-463},
        note = {Revised 27 Jan. 1998}
    }


    @article{BENZEGHIBA2007763,
        title = {Automatic speech recognition and speech variability: A review},
        journal = {Speech Communication},
        volume = {49},
        number = {10},
        pages = {763-786},
        year = {2007},
        note = {Intrinsic Speech Variations},
        issn = {0167-6393},
        doi = {https://doi.org/10.1016/j.specom.2007.02.006},
        url = {https://www.sciencedirect.com/science/article/pii/S0167639307000404},
        author = {M. Benzeghiba and R. {De Mori} and O. Deroo et al.}
    }


    @article{Dinkel2021,
        author = {Dinkel, Heinrich and Wang, Shuai and Xu, Xuenan and et al.},
        doi = {10.1109/TASLP.2021.3073596},
        issn = {2329-9290},
        journal = {IEEE/ACM Transactions on Audio, Speech, and Language Processing},
        pages = {1542--1555},
        title = {Voice Activity Detection in the Wild: A Data-Driven Approach Using Teacher-Student Training},
        url = {https://ieeexplore.ieee.org/document/9405474/},
        volume = {29},
        year = {2021}
    }


    @inproceedings{Dinkel2020,
      author={Heinrich Dinkel and Yefei Chen and Mengyue Wu and Kai Yu},
      title={{Voice Activity Detection in the Wild via Weakly Supervised Sound Event Detection}},
      year=2020,
      booktitle={Proc. Interspeech 2020},
      pages={3665--3669},
      doi={10.21437/Interspeech.2020-0995},
      url={http://dx.doi.org/10.21437/Interspeech.2020-0995}
    }



    @ARTICLE{MFCCs,
        author={Abdul, Zrar Kh. and Al-Talabani, Abdulbasit K.},
        journal={IEEE Access}, 
        title={Mel Frequency Cepstral Coefficient and its Applications: A Review}, 
        year={2022},
        volume={10},
        number={},
        pages={122136-122158},
        doi={10.1109/ACCESS.2022.3223444}
    }

    @article{Seo_Kim_Kim_2022, 
        title={Convolutional Neural Networks Using Log Mel-Spectrogram Separation for Audio Event Classification with Unknown Devices}, 
        volume={21}, 
        url={https://journals.riverpublishers.com/index.php/JWE/article/view/6889}, 
        DOI={10.13052/jwe1540-9589.21216}, 
        number={02}, 
        journal={Journal of Web Engineering}, 
        author={Seo, Soonshin and Kim, Changmin and Kim, Ji-Hwan}, 
        year={2022}, 
        month={Jan.}, 
        pages={497–522} 
    }

    @article{DBLP:journals/corr/abs-2009-09796,
        author       = {Michael Crawshaw},
        title        = {Multi-Task Learning with Deep Neural Networks: {A} Survey},
        journal      = {CoRR},
        volume       = {abs/2009.09796},
        year         = {2020},
        url          = {https://arxiv.org/abs/2009.09796},
        eprinttype    = {arXiv},
        eprint       = {2009.09796},
        timestamp    = {Wed, 23 Sep 2020 15:51:46 +0200},
        biburl       = {https://dblp.org/rec/journals/corr/abs-2009-09796.bib},
        bibsource    = {dblp computer science bibliography, https://dblp.org}
    }

    @article{swets1988,
      title={Measuring the Accuracy of Diagnostic Systems},
      author={Swets, John A.},
      journal={Science},
      volume={240},
      number={4857},
      pages={1285--1293},
      year={1988},
      publisher={American Association for the Advancement of Science},
      url={http://www.jstor.org/stable/1701052}
    }

    @article{FAWCETT2006861,
        title = {An introduction to ROC analysis},
        journal = {Pattern Recognition Letters},
        volume = {27},
        number = {8},
        pages = {861-874},
        year = {2006},
        note = {ROC Analysis in Pattern Recognition},
        issn = {0167-8655},
        doi = {https://doi.org/10.1016/j.patrec.2005.10.010},
        url = {https://www.sciencedirect.com/science/article/pii/S016786550500303X},
        author = {Tom Fawcett},
    }

    @article{tallman_ptt_switch_2021,
        title={What Am I Push-to-Talk Switch?},
        author={Tallman, Jill W.},
        journal={Flight Training Magazine},
        year={2021},
        month={January},
        url={https://www.aopa.org/news-and-media/all-news/2021/january/flight-training-magazine/what-am-i-push-to-talk-switch}
    }
    
    @misc{hajaj_ml_intro,
      author = {Hajaj, Yassin},
      title = {A Quick Introduction to Machine Learning for Beginners},
      howpublished = {\url{https://www.baeldung.com/cs/machine-learning-intro}},
      year = {2021},
      note = {[Online; accessed 15-April-2023]}
    }

    @misc{aaltovad,
      author = {Aalto University},
      title = {Voice Activity Detection},
      howpublished = {\url{https://speechprocessingbook.aalto.fi/Recognition/Voice_activity_detection.html}},
      year = {Accessed: 12 April 2023}
    }



    @misc{aaltonn,
      author = {Aalto University},
      title = {Voice Activity Detection},
      howpublished = {\url{https://speechprocessingbook.aalto.fi/Modelling/Neural_networks.html}},
      year = {Accessed: 12 April 2023}
    }

    @book{applyingnn,
      title={Applying Neural Networks: A Practical Guide},
      author={Swingler, Kevin},
      year={1996},
      publisher={Morgan Kaufmann},
      isbn={978-0126791709},
    }

    @misc{zuluagagomez2022atco2,
        title={ATCO2 corpus: A Large-Scale Dataset for Research on Automatic Speech Recognition and Natural Language Understanding of Air Traffic Control Communications},
        author={Juan Zuluaga-Gomez and Karel Veselý and Igor Szöke et al.},
        year={2022},
        eprint={2211.04054},
        archivePrefix={arXiv},
        primaryClass={cs.CL}
    }

    @misc{peakdet,
      title = {peakdet: Peak detection using MATLAB (non-derivative local extremum, maximum, minimum)},
      author = {Eli Billauer},
      year = {2009},
      howpublished = {\url{http://billauer.co.il/blog/2009/01/peakdet-matlab-octave/}}
    }